@manual{ryasyl,
title = "RYA Powerboating Level 1 Course Syllabus",
year  = "1993",
}


